@article{thomas2006visual,
  title={A visual analytics agenda},
  author={Thomas, James J and Cook, Kristin and others},
  journal={Computer Graphics and Applications, IEEE},
  volume={26},
  number={1},
  pages={10--13},
  year={2006},
  publisher={IEEE}
}
@techreport{cook2005illuminating,
  title={Illuminating the path: The research and development agenda for visual analytics},
  author={Cook, Kristin A and Thomas, James J},
  year={2005},
  institution={Pacific Northwest National Laboratory (PNNL), Richland, WA (US)}
}

@article{sopan2012community,
  title={Community Health Map: A geospatial and multivariate data visualization tool for public health datasets},
  author={Sopan, Awalin and Noh, Angela Song-Ie and Karol, Sohit and Rosenfeld, Paul and Lee, Ginnah and Shneiderman, Ben},
  journal={Government Information Quarterly},
  volume={29},
  number={2},
  pages={223--234},
  year={2012},
  publisher={Elsevier}
}


